@book{ ArahamSilberschat2,
    title = "Fundamentos de sistemas operacionais (9a. ed.).",
    title_sort = "Fundamentos de sistemas operacionais (9a. ed.).",
    author_sort = "Silberschat, Araham",
    author = "Araham Silberschat",
    isbn = "978-85-2163-000-5",
    year = "2015",
    month = "set",
    publisher = "Grupo Gen - LTC",
    volume = "1",
    size = "16804775 octets",
    identifiers = "isbn:9788521630005,google:-uldswEACAAJ" }


 @misc{ wiki:android,
   author = "Wikip{\'{e}}dia",
   title = "Android --- Wikipédia{,} a enciclopédia livre",
   year = "2021",
   url = "https://pt.wikipedia.org/w/index.php?title=Android&oldid=61738499",
   note = "Acessado em: 21 de setembro de 2021"}
  
  
@misc{ android:proccess-lifecycle,
   author = "Google and Open Handset Alliance",
   title = "Android Developers: Processes and Application Lifecycle",
   year = "2020", 
   url = {https://developer.android.com/guide/components/activities/process-lifecycle},
  note = "Acessado em: 21 de setembro de 2021"
}

@misc{ android:processes-and-threads,
   author = "Google and Open Handset Alliance",
   title = "Android Developers: Processes and Threads",
   year = "2020", 
   url = {https://developer.android.com/guide/components/processes-and-threads},
  note = "Acessado em: 21 de setembro de 2021"
}
   
@misc{ android:generic-kernel-image,
   author = "Google and Open Handset Alliance",
   title = "Android Source: Generic Kernel Image",
   year = "2021", 
   url = {https://source.android.com/devices/architecture/kernel/generic-kernel-image},
  note = "Acessado em: 21 de setembro de 2021"
}  
 
 @misc{ wiki:cfs,
   author = "Wikip{\'{e}}dia",
   title = "Completely Fair Scheduler --- Wikipédia{,} a enciclopédia livre",
   year = "2021",
   url = "https://en.wikipedia.org/wiki/Completely_Fair_Scheduler",
   note = "Acessado em: 21 de setembro de 2021"}
  
@misc{ columbia:linux-sched,
   author = "Kaustubh R. Joshi",
   title = "Process	Scheduling	II",
   year = "2013",
   url = "http://www.cs.columbia.edu/~krj/os/lectures/L12-LinuxSched.pdf",
   note = "Acessado em: 21 de setembro de 2021"}
 
@misc{ wiki:linux-kernel,
   author = "Wikip{\'{e}}dia",
   title = "Linux kernel --- Wikipédia{,} a enciclopédia livre",
   year = "2021",
   url = "https://en.wikipedia.org/wiki/Linux_kernel#Scheduling_and_preemption",
   note = "Acessado em: 21 de setembro de 2021"}
   
@misc{ android:sched_h,
   author = "Google and Open Handset Alliance",
   title = "Android Source: sched.h",
   year = "2021", 
   url = {https://android.googlesource.com/kernel/common/+/refs/heads/android12-5.4-lts/include/linux/sched.h},
  note = "Acessado em: 21 de setembro de 2021"
}  

   
@misc{ android:platform,
   author = "Google and Open Handset Alliance",
   title = "Android Developers: Android Runtime",
   year = "2020", 
   url = {https://developer.android.com/guide/platform?hl=en-us#art},
  note = "Acessado em: 21 de setembro de 2021"
}  
   
@misc{ android:intro-activities,
   author = "Google and Open Handset Alliance",
   title = "Android Developers: Introduction to Activities",
   year = "2019", 
   url = {https://developer.android.com/guide/components/activities/intro-activities},
  note = "Acessado em: 21 de setembro de 2021"
}  
   
@misc{ android:activity,
   author = "Google and Open Handset Alliance",
   title = "Android Developers: Activity",
   year = "2021", 
   url = {https://developer.android.com/reference/android/app/Activity},
  note = "Acessado em: 21 de setembro de 2021"
}  


   
@misc{ android:services-overview,
   author = "Google and Open Handset Alliance",
   title = "Android Developers: Services overview",
   year = "2019", 
   url = {https://developer.android.com/guide/components/services},
  note = "Acessado em: 21 de setembro de 2021"
}  
   
@misc{ android:service,
   author = "Google and Open Handset Alliance",
   title = "Android Developers: Service",
   year = "2021", 
   url = {https://developer.android.com/reference/android/app/Service},
  note = "Acessado em: 21 de setembro de 2021"
}  

   
@misc{ android:broadcasts-overview,
   author = "Google and Open Handset Alliance",
   title = "Android Developers: Broadcasts overview",
   year = "2021", 
   url = {https://developer.android.com/guide/components/broadcasts},
  note = "Acessado em: 21 de setembro de 2021"
}  

   
@misc{ android:activity-element,
   author = "Google and Open Handset Alliance",
   title = "Android Developers: $<$activity$>$",
   year = "2021", 
   url = {https://developer.android.com/guide/topics/manifest/activity-element#proc},
  note = "Acessado em: 21 de setembro de 2021"
}  

   
@misc{ android:service-element,
   author = "Google and Open Handset Alliance",
   title = "Android Developers: $<$service$>$",
   year = "2020", 
   url = {https://developer.android.com/guide/topics/manifest/service-element#proc},
  note = "Acessado em: 21 de setembro de 2021"
}  

   
@misc{ android:receiver-element,
   author = "Google and Open Handset Alliance",
   title = "Android Developers: $<$receiver$>$",
   year = "2021", 
   url = {https://developer.android.com/guide/topics/manifest/receiver-element#proc},
  note = "Acessado em: 21 de setembro de 2021"
}  

   
@misc{ android:process,
   author = "Google and Open Handset Alliance",
   title = "Android Developers: Process",
   year = "2021", 
   url = {https://developer.android.com/reference/android/os/Process},
  note = "Acessado em: 21 de setembro de 2021"
}  

@misc{ stack:ipc,
   author = "Vladimir Ivanov",
   title = "What are the IPC mechanisms available in the Android OS?",
   year = "2011", 
   url = {https://stackoverflow.com/questions/5740324/what-are-the-ipc-mechanisms-available-in-the-android-os},
  note = "Acessado em: 21 de setembro de 2021"
}  

@misc{ android:intent,
   author = "Google and Open Handset Alliance",
   title = "Android Developers: Intent",
   year = "2021", 
   url = {https://developer.android.com/reference/android/content/Intent},
  note = "Acessado em: 21 de setembro de 2021"
}  

@misc{ android:bundle,
   author = "Google and Open Handset Alliance",
   title = "Android Developers: Bundle",
   year = "2021", 
   url = {https://developer.android.com/reference/android/os/Bundle},
  note = "Acessado em: 21 de setembro de 2021"
}  

@misc{ android:ibinder,
   author = "Google and Open Handset Alliance",
   title = "Android Developers: IBinder",
   year = "2021", 
   url = {https://developer.android.com/reference/android/os/IBinder},
  note = "Acessado em: 21 de setembro de 2021"
}  
